%% This BibTeX bibliography file was created using BibDesk.
%% http://bibdesk.sourceforge.net/

%% Created for Kelsey Copley at 2015-12-10 16:07:09 -0500 


%% Saved with string encoding Unicode (UTF-8) 



@webpage{technicolor,
	Date-Added = {2015-12-10 21:06:03 +0000},
	Date-Modified = {2015-12-10 21:07:04 +0000},
	Title = {The History and Technology of Technicolor},
	Url = {http://www.widescreenmuseum.com/oldcolor/technicolor1.htm}}

@webpage{maxwell,
	Author = {Alasdair Wilkins},
	Date-Added = {2015-12-10 21:02:45 +0000},
	Date-Modified = {2015-12-10 21:03:45 +0000},
	Month = {May},
	Rating = {1},
	Title = {How the father of electromagnetism took the first color photograph 150 years ago},
	Url = {http://io9.com/5802961/how-the-father-of-electromagnetism-took-the-first-color-photograph-150-years-ago},
	Year = {2011}}

@webpage{butterflies,
	Date-Added = {2015-12-10 19:49:08 +0000},
	Date-Modified = {2015-12-10 19:53:38 +0000},
	Title = {Butterfly Color Vision},
	Url = {http://www.webexhibits.org/causesofcolor/17C.html}}

@webpage{dogs_cats,
	Author = {Daven Hiskey},
	Date-Added = {2015-12-10 19:46:59 +0000},
	Date-Modified = {2015-12-10 19:47:57 +0000},
	Month = {January},
	Title = {BOTH CATS AND DOGS CAN SEE COLOR},
	Url = {http://www.todayifoundout.com/index.php/2012/01/both-cats-and-dogs-can-see-color/},
	Year = {2012}}

@webpage{shrimp,
	Author = {Stephanie Pappas},
	Date-Added = {2015-12-10 19:32:42 +0000},
	Date-Modified = {2015-12-10 19:33:20 +0000},
	Month = {January},
	Title = {Aggressive Mantis Shrimp Sees Color Like No Other},
	Url = {http://www.livescience.com/42797-mantis-shrimp-sees-color.html},
	Year = {2014}}

@webpage{color_vision,
	Date-Added = {2015-12-10 19:26:00 +0000},
	Date-Modified = {2015-12-10 19:27:34 +0000},
	Title = {Cones and Color Vision},
	Url = {http://www.ncbi.nlm.nih.gov/books/NBK11059/},
	Year = {2001}}

@webpage{color_blind,
	Author = {The National Eye Institute},
	Date-Added = {2015-12-10 19:20:06 +0000},
	Date-Modified = {2015-12-10 19:26:20 +0000},
	Month = {February},
	Title = {Facts About Color Blindness},
	Url = {https://nei.nih.gov/health/color_blindness/facts_about},
	Year = {2015}}

@webpage{men_women,
	Author = {James Owen},
	Date-Added = {2015-12-10 19:11:59 +0000},
	Date-Modified = {2015-12-10 19:12:43 +0000},
	Month = {September},
	Title = {Men and Women Really Do See Things Differently},
	Url = {http://news.nationalgeographic.com/news/2012/09/120907-men-women-see-differently-science-health-vision-sex/},
	Year = {2012}}

@webpage{digital_camera,
	Author = {Michael Zhang},
	Date-Added = {2015-12-10 16:51:32 +0000},
	Date-Modified = {2015-12-10 19:10:32 +0000},
	Month = {August},
	Title = {The World's First Digital Camera by Kodak and Steve Sasson},
	Url = {http://petapixel.com/2010/08/05/the-worlds-first-digital-camera-by-kodak-and-steve-sasson/},
	Year = {2010}}

@webpage{color_sapce,
	Date-Added = {2015-12-10 11:12:14 +0000},
	Date-Modified = {2015-12-10 19:11:37 +0000},
	Month = {August},
	Title = {The Science of Color},
	Url = {http://www.webopedia.com/DidYouKnow/Computer_Science/Color.asp},
	Year = {2004},
	Bdsk-Url-1 = {http://www.webopedia.com/DidYouKnow/Computer_Science/Color.asp}}

@webpage{color_model,
	Author = {Black Ice Software},
	Date-Added = {2015-12-10 11:09:40 +0000},
	Date-Modified = {2015-12-10 19:09:19 +0000},
	Title = {The HSI color space},
	Url = {http://www.blackice.com/colorspaceHSI.htm},
	Bdsk-Url-1 = {http://www.blackice.com/colorspaceHSI.htm}}
